<record><leader>00000cas a22000007a 4500</leader><controlfield tag="001">9786947</controlfield><controlfield tag="008">830806u1928uuuuohuwr ne      0    0eng d</controlfield><datafield ind1=" " ind2=" " tag="010"><subfield code="a">sn 91069692 </subfield></datafield><datafield ind1=" " ind2=" " tag="040"><subfield code="a">NPY</subfield><subfield code="b">eng</subfield><subfield code="c">NPY</subfield><subfield code="d">DLC</subfield><subfield code="d">NPI</subfield><subfield code="d">DLC</subfield><subfield code="d">ONP</subfield><subfield code="d">NVK</subfield><subfield code="d">OCLCQ</subfield></datafield><datafield ind1=" " ind2=" " tag="012"><subfield code="z">d</subfield></datafield><datafield ind1=" " ind2=" " tag="043"><subfield code="a">n-us-oh</subfield></datafield><datafield ind1="0" ind2=" " tag="130"><subfield code="a">Springfield news-sun (Springfield, Ohio : 1928)</subfield></datafield><datafield ind1="1" ind2="0" tag="245"><subfield code="a">Springfield news-sun.</subfield></datafield><datafield ind1=" " ind2=" " tag="260"><subfield code="a">Springfield, Ohio :</subfield><subfield code="b">[Press Republican Pub. Co.]</subfield></datafield><datafield ind1=" " ind2=" " tag="300"><subfield code="a">v.</subfield></datafield><datafield ind1=" " ind2=" " tag="310"><subfield code="a">Weekly</subfield></datafield><datafield ind1="1" ind2=" " tag="362"><subfield code="a">Began in May 1928.</subfield></datafield><datafield ind1=" " ind2=" " tag="580"><subfield code="a">Combined Sunday edition of the Springfield daily news (Springfield, Ohio : 1909) and the Sun (Springfield, Ohio).</subfield></datafield><datafield ind1=" " ind2=" " tag="580"><subfield code="a">Springfield daily news (Springfield, Ohio : 1909) and the Sun (Springfield, Ohio) merge in 1982 to form the Springfield news-sun.</subfield></datafield><datafield ind1=" " ind2=" " tag="588"><subfield code="a">Description based on: Dec. 16, 1928.</subfield></datafield><datafield ind1=" " ind2="0" tag="651"><subfield code="a">Springfield (Ohio)</subfield><subfield code="v">Newspapers.</subfield></datafield><datafield ind1=" " ind2="0" tag="651"><subfield code="a">Clark County (Ohio)</subfield><subfield code="v">Newspapers.</subfield></datafield><datafield ind1=" " ind2=" " tag="752"><subfield code="a">United States</subfield><subfield code="b">Ohio</subfield><subfield code="c">Clark</subfield><subfield code="d">Springfield.</subfield></datafield><datafield ind1="1" ind2="0" tag="785"><subfield code="t">Springfield news-sun (Springfield, Ohio)</subfield><subfield code="w">(DLC)sn 82003811</subfield></datafield><datafield ind1="1" ind2=" " tag="787"><subfield code="t">Springfield daily news (Springfield, Ohio : 1909)</subfield><subfield code="w">(DLC)sn 83035415</subfield></datafield><datafield ind1="1" ind2=" " tag="787"><subfield code="t">Sun (Springfield, Ohio : 1982)</subfield><subfield code="w">(DLC)sn 85042755</subfield></datafield></record>